% This file was created with JabRef 2.10.
% Encoding: Cp1252


@Book{hollas2007grundkurs,
  Title                    = {Grundkurs Theoretische Informatik mit Aufgaben und Pr{\"u}fungsfragen},
  Author                   = {Hollas, Boris},
  Publisher                = {Spektrum Akademischer Verlag},
  Year                     = {2007},

  Owner                    = {Jonatan},
  Timestamp                = {2015.10.09}
}

