% Encoding: UTF-8

@Book{Demuth2014SoftwaretechnologiefuerEinsteiger,
  title =     {Softwaretechnologie für Einsteiger},
  publisher = {Pearson},
  year =      {2014},
  author =    { Demuth, Birgit },
  address =   { München},
  edition =   { 2. geänd. Aufl. },
  isbn =      {9781784340230},
  url =       {http://slubdd.de/katalog?TN_libero_mab216039653}
}

@Misc{Oracle2016ObjectOrientedProgramming,
  author = {Oracle},
  title =  {Object-Oriented Programming Concepts},
  note =   {[Online; accessed 20-April-2016]},
  url =    {https://docs.oracle.com/javase/tutorial/java/concepts/}
}

@Book{Rumbaugh2005unifiedmodelinglanguage,
  title =     {The unified modeling language reference manual},
  publisher = {Addison-Wesley},
  year =      {2005},
  author =    { Rumbaugh, James AND Jacobson, Ivar AND Booch, Grady },
  address =   { Boston },
  edition =   { 2. ed. },
  abstract =  {Previous ed.: 1999.},
  booktitle = {The Addison-Wesley object technology series},
  isbn =      {0321245628},
  keywords =  { Computer software Development , UML (Computer science) , UML },
  url =       {http://slubdd.de/katalog?TN_libero_mab213692831}
}

@Article{Sweigart2014WhyisObject,
  author =  {Al Sweigart},
  title =   {Why is Object-Oriented Programming Useful? (With a Role Playing Game Example)},
  journal = {The “Invent with Python” Blog},
  year =    {2014},
  month =   dec,
  note =    {[Online; accessed 20-April-2016]},
  url =     {http://inventwithpython.com/blog/2014/12/02/why-is-object-oriented-programming-useful-with-an-role-playing-game-example/}
}

@Article{Weisfeld2013ImportanceObjectOriented,
  author =  {Matt Weisfeld},
  title =   {The Importance of Object-Oriented Programming in the Era of Mobile Development},
  journal = {informIT.com},
  year =    {2013},
  month =   apr,
  note =    {[Online; accessed 20-April-2016]},
  url =     {http://www.informit.com/articles/article.aspx?p=2036576}
}
